% http://www.bioinformatics.org/texmed/

@article{Epigenetics,
 author = "Weinhold, B.",
 year = "2006",
 title = "Epigenetics: The Science of Change",
 journal = "Environment Health Perspective",
 volume = "114",
 number = "3",
 DOI = "10.1289/ehp.114-a160"
}

@article{DNAMethylation,
 author = "Jin et al., B.",
 year = "2011",
 title = "DNA Methylation",
 journal = "Genes Cancer",
 volume = "2",
 number = "6",
 DOI = "10.1177/1947601910393957"
}

@inbook{Handbook,
 author = "Janitz, K. and Janitz, M.",
 publisher = "Academic Press",
 year = "2011",
 title = "Handbook of Epigenetics",
 chapter = "12",
 DOI = "10.1016/B978-0-12-375709-8.00012-5"
}

@article{Walter,
 author = "Reik, W. and Walter, J.",
 year = "2001",
 title = "Genomic imprinting: parental influence on the genome",
 journal = "Nature Reviews Genetics",
 volume = "2"
}

@article{DNMT2,
 author = "Goll et al., M. G.",
 year = "2006",
 title = "Methylation of tRNAAsp by the DNA Methyltransferase Homolog Dnmt2",
 journal = "Science",
 volume = "311",
 number = "5759",
 DOI = "10.1126/science.1120976"
}

@InCollection{Philosophy,
 	author       =	"Romeijn, Jan-Willem",
	title        =	"Philosophy of Statistics",
	booktitle    =	"The Stanford Encyclopedia of Philosophy",
	editor       =	"Edward N. Zalta",
	howpublished =	"\url{https://plato.stanford.edu/archives/spr2017/entries/statistics/}",
	year         =	"2017",
	edition      =	"Spring 2017",
	publisher    =	"Metaphysics Research Lab, Stanford University"
}

@book{Introduction,
 author = "Keone, H.",
 year = "2014",
 title = "Introduction to Statistics",
 publisher = "CreateSpace Independent Publishing Platform",
 isbn = "978-1502424624"
}

@book{BayStat,
 author = "Bernardo, J.M.",
 title = "Bayesian Statistics",
}

@article{ABC,
 author = "Turner, B.M. and Van Zandt, T.",
 year = "2012",
 title = "A tutorial on approximate Bayesian computation",
 journal = "Journal of Mathematical Psychology",
 volume = "56"
}

@article{Genereaux,
 author = "Genereaux, D.P. et al.",
 year = "2005",
 title = "A population-epigenetic model to infer site-specific methylation rates from double-stranded DNA methylation patterns",
 journal = "PNAS",
 volume = "102",
 number = "16"
}

@article{errors,
 author = "Fu, A.Q. et al.",
 year = "2010",
 title = "STATISTICAL INFERENCE OF TRANSMISSION FIDELITY OF DNA METHYLATION PATTERNS OVER SOMATIC CELL DIVISIONS IN MAMMALS",
 journal = "Ann Appl Stat",
 volume = "4",
 number = "2"
}

@article{Wolf,
 author = "Arand, J. et al.",
 year = "2012",
 title = "In Vivo Control of CpG and Non-CpG DNA Methylation by DNA Methyltransferases",
 journal = "plos genetics",
 doi = "10.1371/journal.pgen.1002750"
}

@article{Sontag,
 author = "Sontag, L.B., Lorincz, M.C. and Luebeck, E.G.",
 year = "2006",
 title = "Dynamics, stability and inheritance of somatic DNA methylation imprints",
 journal = "journal of theoretical biology",
 volume = "242",
 number = "4",
 doi = "10.1016/j.jtbi.2006.05.012"
}

@article{Giehr,
 author = "Giehr, P., et al.",
 year = "2016",
 title = "The Influence of Hydroxylation on Maintaining CpG Methylation Patterns: A Hidden Markov Model Approach",
 journal = "plos computational biology",
 doi = "10.1371/journal.pcbi.1004905"
}

@article{Fu,
 author = "Fu, A.Q., et al.",
 year = "2012",
 title = "Statistical Inference of In Vivo Properties of Human DNA Methyltransferases from Double-Stranded
Methylation Patterns",
 journal = "plos one",
}

@incollection{Lueck,
 author = "Lueck, A. et al.",
 year = "2017",
 title = "A Stochastic Model for the Formation of Spatial Methylation Patterns",
 booktitle = "Computational Methods in Systems Biology. CMSB 2017. Lecture Notes in Computer Science",
 publisher = "Springer, Cham",
 isbn = "978-3-319-67470-4",
 volume = "10545",
 doi = "10.1007/978-3-319-67471-1_10",
 editor = "Feret J., Koeppl H."
}