% http://www.bioinformatics.org/texmed/

@article{Glusmann,
 author = "Glusmann et al., G.",
 year = "2014",
 title = "Whole-genome haplotyping approaches and
genomic medicine",
 journal = "Genome Medicine",
 volume = "73",
 number = "6",
 DOI = "10.1186/s13073-014-0073-7"
}

@article{WhatsHap,
 author = "Patterson et al., M.",
 year = "2015",
 title = "WhatsHap:
Weighted Haplotype Assembly
for Future-Generation Sequencing Reads",
 journal = "Journal of Comutational Biology",
 volume = "22",
 number = "6",
 pages = "498 -- 509",
 DOI = "10.1089/cmb.2014.0157"
}

@article{Belton,
 author = "Belton et al., J.-M.",
 year = "2012",
 title = "Hi-C: A comprehensive technique to capture the conformation of genomes",
 journal = "Methods.",
 volume = "58",
 number = "3",
 pages = "268 -- 276",
 DOI = "10.1016/j.ymeth.2012.05.001"
}

@article{Berkum,
 author = "van Berkum et al., N. L.",
 year = "2010",
 title = "Hi-C: A Method to Study the Three-dimensional Architecture of Genomes.",
 journal = "J VIs Exp",
 volume = "1869",
 number = "39",
 DOI = "10.3791/1869"
}

@article{HapCut2,
 author = "Edge et al., P.",
 year = "2016",
 title = "HapCUT2: robust and accurate haplotype assembly for diverse sequencing technologies",
 journal = "Genome Res.",
 DOI = "10.1101/gr.213462.116"
}

@article{HapCut,
 author = "Bansal, V. and Bafna, V.",
 year = "2008",
 title = "HapCUT: an efficient and accurate algorithm for the haplotype assembly problem",
 journal = "Bioinformatics",
 volume = "24",
 number = "16",
 pages = "153 -- 159",
 DOI = "10.1093/bioinformatics/btn298"
}

@article{Readselection,
 author = "Fischer, S. O. and Marschall, T.",
 year = "2016",
 title = "Selecting Reads for Haplotype Assembly",
 journal = "bioRxiv",
 DOI = "10.1101/046771"
}

@article{Appnote,
 author = "Martin et al., M.",
 year = "2016",
 title = "WhatsHap: fast and accurate read-based phasing",
 journal = "bioRxiv",
 DOI = "10.1101/085050"
}

@article{Snyder,
 author = "Snyder et al., M. W.",
 year = "2015",
 title = "Haplotype-resolved genome sequencing: experimental methods and applications",
 journal = "Nature Reviews Genetics",
 volume = "16",
 pages = "344 -- 358",
 DOI = "10.1038/nrg3903"
}

@article{Stephens,
 author = "Stephens et al., M.",
 year = "2001",
 title = "A New Statistical Method for Haplotype Reconstruction from Population Data",
 journal = "Am J Hum Genet",
 volume = "68",
 number = "4",
 pages = "978 -- 989",
 DOI = "10.1086/319501"
}

@article{Roach,
 author = "Roach et al., C. J.",
 year = "2011",
 title = "Chromosomal Haplotypes by Genetic Phasing of Human Families",
 journal = "AJHG",
 volume = "89",
 number = "3",
 pages = "382 -- 397",
 DOI = "10.1016/j.ajhg.2011.07.023"
}

@article{Tewhey,
 author = "Tewhey et al., R.",
 year = "2011",
 title = "The importance of phase information
for human genomics",
 journal = "Nature",
 volume = "12",
 pages = "215 -- 223",
 DOI = "10.1038/nrg2950"
}

@article{Garg,
 author = "Garg et al., S.",
 year = "2016",
 title = "Read-based phasing of related individuals",
 journal = "Bioinformatics",
 volume = "32",
 pages = "234 -- 242",
 DOI = "10.1093/bioinformatics/btw276"
}